@inproceedings{Coffrin2012,
  doi = {10/ggfzwr},
  year = {2012},
  month = jul,
  publisher = {{IEEE}},
  author = {C. Coffrin and P. Van Hentenryck and R. Bent},
  title = {Approximating line losses and apparent power in {AC} power flow linearizations},
  booktitle = {2012 {IEEE} Power and Energy Society General Meeting}
}